
@techreport{haltuch2019sable,
   author = {Haltuch, M.A. and Johnson, K.F. and Tolimieri, N. and Kapur, M.S. and Castillo-Jordán, C.A.},
   title = {Status of the sablefish stock in U.S. waters in 2019},
   institution = {Pacific Fisheries Management Council, Portland, OR},
   year = {2019},
   type = {Report}
}

@article{neveu2016historical,
   author = {Neveu, E. and Moore, A. M. and Edwards, C. A. and Fiechter, J. and Drake, P. and Crawford, W. J. and Jacox, M. G. and Nuss, E.},
   title = {An historical analysis of the California Current circulation using ROMS 4D-Var: System configuration and diagnostics},
   journal = {Ocean Modelling},
   volume = {99},
   pages = {133-151},
   ISSN = {1463-5003},
   DOI = {10.1016/j.ocemod.2015.11.012},
   url = {<Go to ISI>://WOS:000371792800009},
   year = {2016},
   type = {Journal Article}
}

@Manual{R-base,
  title = {R: A Language and Environment for Statistical
    Computing},
  author = {{R Core Team}},
  organization = {R Foundation for Statistical Computing},
  address = {Vienna, Austria},
  year = {2023},
  url = {https://www.R-project.org/},
}

  @Manual{MuMIn-cite,
    title = {MuMIn: Multi-Model Inference},
    author = {Kamil Bartoń},
    year = {2023},
    note = {R package version 1.47.5},
    url = {https://CRAN.R-project.org/package=MuMIn},
  }

@article{wetzel2019petrale,
   author = {Wetzel, C.R.},
   title = {Status of petrale sole (Eopsetta jordani) along the U.S. West Coast in 2019. Pacific Fishery Management Council, 7700 Ambassador Place NE, Suite 101, Portland, OR 97220.},
   year = {2019},
   type = {Journal Article}
}

@book{burnham1998,
   author = {Burnham, K.P.  and Anderson, D.R.},
   title = {Model selection and inference: a practical information-theoretic approach},
   publisher = {Springer-Verlag},
   address = {New York, NY},
   year = {1998},
   type = {Book}
}

@techreport{keller2017wcgbts,
   author = {Keller, A.A. and Wallace, J.R. and Methot, R.D.},
   title = {The Northwest Fisheries Science Center’s West coast groundfish bottom trawl survey: History design, and description},
   institution = {U.S. Department of Commerce},
   DOI = {10.7289/V5/TM-NWFSC-136},
   year = {2017},
   type = {Report}
}

@book{harvey2023esr,
   author = {Harvey, C. J. Leising, A.,Williams, G., Tolimieri, N.},
   title = {2022-2023 CALIFORNIA CURRENT ECOSYSTEM STATUS REPORT A report of the NOAA California Current Integrated Ecosystem Assessment Team (CCIEA) to the Pacific Fishery Management Council, March 7, 2023},
   year = {2022},
   type = {Edited Book}
}

@article{tolimieri2020spatio,
   author = {Tolimieri, N. and Wallace, J. and Haltuch, M.},
   title = {Spatio-temporal patterns in juvenile habitat for 13 groundfishes in the California Current Ecosystem},
   journal = {PLoS One},
   volume = {15},
   number = {8},
   ISSN = {1932-6203 (Electronic)
1932-6203 (Linking)},
   DOI = {10.1371/journal.pone.0237996},
   url = {https://www.ncbi.nlm.nih.gov/pubmed/32822408},
   year = {2020},
   type = {Journal Article}
}

@article{anderson2022sdmtmb,
  title={sdmTMB: an R package for fast, flexible, and user-friendly generalized linear mixed effects models with spatial and spatiotemporal random fields},
  author={Anderson, Sean C and Ward, Eric J and English, Philina A and Barnett, Lewis AK},
  journal={bioRxiv},
  year={2022},
  publisher={Cold Spring Harbor Laboratory}
}


@article{Fernandex2018glorys,
   author = {Fernandez, E. and Lellouche, J. M.},
   title = {Product user manual for the global ocean physical reanalysis product GLORYS12V1},
   journal = {Copernicus Product User Manual},
   volume = {4},
   pages = {1–15},
   year = { 2018 },
   type = {Journal Article}
}

@article{Lellouche2021glorys,
   author = {Jean-Michel, Lellouche and Eric, Greiner and Romain, Bourdallé-Badie and Gilles, Garric and Angélique, Melet and Marie, Drévillon and Clément, Bricaud and Mathieu, Hamon and Olivier, Le Galloudec and Charly, Regnier},
   title = {The Copernicus global 1/12 oceanic and sea ice GLORYS12 reanalysis},
   journal = {Frontiers in Earth Science},
   volume = {9},
   pages = {698876},
   ISSN = {2296-6463},
   year = {2021},
   type = {Journal Article}
}

@article{Drevillon2022glorys,
   author = {Drevillon, M.  and Fernandez, E. and Lellouche, J. M.},
   title = {For the Global Ocean Physical Multi Year product GLOBAL_MULTIYEAR_PHY_001_030},
   journal = {Copernicus Product User Manual},
   volume = {1},
   number = {4},
   pages = {1–25},
   year = {2022},
   type = {Journal Article}
}

@article{LeGalloudec2022forecast,
   author = {Le Galloudec, O. and Law Chune, S. and Nouel, L. and Fernandez, E. and Derval, C. and Tressol, M.  and Dussurget, R. and Bairdeau, A. and Tonani, M.},
   title = {Product user manual For Global Ocean Physical Analysis and Forecasting Product GLOBAL_ANALYSISFORECAST_PHY_001_024},
   journal = {Copernicus Product User Manual},
   volume = {1},
   number = {9},
   pages = {1-41},
   year = {2022},
   type = {Journal Article}
}
